@misc{nlb_lamontague,
    author = "Lamontague, P.",
    title = "Non-local Boxes",
    howpublished = "\url{http://www-etud.iro.umontreal.ca/~lamontph/papiers/NLB.pdf}",
    year = "2014"
}