@misc{nlb_lamontagne,
    author = "Philippe Lamontagne",
    title = "Non-local Boxes",
    howpublished = "\url{http://www-etud.iro.umontreal.ca/~lamontph/papiers/NLB.pdf}",
    year = "2014"
}

@book{dragon_compiler,
    author = "Alfred V. Aho and Monica S. Lam and Ravi Sethi and Jeffrey Ullman",
    title = "Compilers: Principles, Techniques and Tools",
    publisher = "Pearson Education Inc.",
    address = "Boston, MA",
    year = "2007",
    edition = "2"
}

@book{java_compiler,
    author = "Alfred Appel and Jens Palsberg",
    title = "Modern Compiler Implementation in Java",
    publisher = "Cambridge University Press",
    address = "Cambridge",
    year = "2002",
    edition = "2"
}

@misc{prism_lectures,
    title = "Lectures - Probabilistic Model Checking",
    author = "Dave Parker",
    howpublished = "\url{http://www.prismmodelchecker.org/lectures/pmc/}"
}

@book{Watt:1991:PLS:120468,
 author = {Watt, David A. and Thomas, Muffy},
 title = {Programming Language Syntax and Semantics},
 year = {1991},
 isbn = {0-13-726266-3},
 publisher = {Prentice Hall International (UK) Ltd.},
 address = {Hertfordshire, UK, UK},
} 

@book{fsspl,
    author = "Barry L. Kurtz and Kenneth Slonner",
    title = "Formal Syntax and Semantics of Programming Languages",
    year="1995",
    publisher = "Addison-Wesley"
}

@article{Jonathan-Allcock:2009pd,
    Author = {Allcock, Jonathan and Brunner, Nicolas and Linden, Noah and Popescu, Sandu and Skrzypczyk, Paul and Vertesi, Tamas},
    Journal = {Phys. Rev. A},
    Number = {062107},
    Title = {Closed sets of non-local correlations},
    Volume = {80},
    Year = {2009}
}

@misc{ccs,
    title = "Calculus of Communicating Systems",
    author = "Wikipedia",
    howpublished = "\url{https://en.wikipedia.org/wiki/Calculus_of_communicating_systems}"
}

@inproceedings{KNP11,
author={M. Kwiatkowska and G. Norman and D. Parker},
title={{PRISM} 4.0: Verification of Probabilistic Real-time Systems},
booktitle={Proc. 23rd International Conference on Computer Aided Verification (CAV'11)},
year={2011},

editor={G. Gopalakrishnan and S. Qadeer},
pages={585--591},
publisher={Springer},
series={LNCS},
volume={6806},
}

@Article{ref1,
author="Popescu, Sandu
and Rohrlich, Daniel",
title="Quantum nonlocality as an axiom",
journal="Foundations of Physics",
volume="24",
number="3",
pages="379--385",
abstract="In the conventional approach to quantum mechanics, indeterminism is an axiom and nonlocality is a theorem. We consider inverting the logical order, making nonlocality an axiom and indeterminism a theorem. Nonlocal ``superquantum'' correlations, preserving relativistic causality, can violate the CHSH inequality more strongly than any quantum correlations.",
issn="1572-9516",
doi="10.1007/BF02058098",
url="http://dx.doi.org/10.1007/BF02058098"
}

@article{PhysRevLett.23.880,
  title = {Proposed Experiment to Test Local Hidden-Variable Theories},
  author = {Clauser, John F. and Horne, Michael A. and Shimony, Abner and Holt, Richard A.},
  journal = {Phys. Rev. Lett.},
  volume = {23},
  issue = {15},
  pages = {880--884},
  numpages = {0},
  year = {1969},
  month = {Oct},
  publisher = {American Physical Society},
  doi = {10.1103/PhysRevLett.23.880},
  url = {http://link.aps.org/doi/10.1103/PhysRevLett.23.880}
}

@article{PhysRevA.71.022101,
  title = {Nonlocal correlations as an information-theoretic resource},
  author = {Barrett, Jonathan and Linden, Noah and Massar, Serge and Pironio, Stefano and Popescu, Sandu and Roberts, David},
  journal = {Phys. Rev. A},
  volume = {71},
  issue = {2},
  pages = {022101},
  numpages = {11},
  year = {2005},
  month = {Feb},
  publisher = {American Physical Society},
  doi = {10.1103/PhysRevA.71.022101},
  url = {http://link.aps.org/doi/10.1103/PhysRevA.71.022101}
}


@ARTICLE{2006quant.ph..9166D,
   author = {{Dupuis}, F. and {Gisin}, N. and {M{\'e}thot}, A.~A.},
    title = "{No nonlocal box with uniform outputs is universal}",
  journal = {eprint arXiv:quant-ph/0609166},
   eprint = {quant-ph/0609166},
 keywords = {Quantum Physics},
     year = 2006,
    month = sep,
   adsurl = {http://adsabs.harvard.edu/abs/2006quant.ph..9166D},
  adsnote = {Provided by the SAO/NASA Astrophysics Data System}
}

@misc{cup_example,
    title = "Learning CUP by example",
    author = "CUP",
    howpublished = "\url{http://www2.cs.tum.edu/projects/cup/examples.php}"
}

@misc{prism_keywords,
    title = "PRISM Manual | The PRISM Language / Modules and Variables",
    author = "PRISM",
    howpublished = "\url{http://www.prismmodelchecker.org/manual/ThePRISMLanguage/ModulesAndVariables}"
}